@article{MYREF,
title = {Estimating {T}ime-varying {B}rain {C}onnectivity {N}etworks from {F}unctional {M}{R}{I} {T}ime {S}eries},
author = {Monti, R. P. and Hellyer, P. and Sharp, D. and Leech, R. and Anagnostopoulos, C. and Montana, G.},
journal = {Preprint},
year = {2013},
}


@Manual{flsaPackage,
    title = {flsa: Path algorithm for the general Fused Lasso Signal Approximator},
    author = {Hoefling, H.},
    year = {2013},
    note = {R package version 1.05},
    url = {http://CRAN.R-project.org/package=flsa},
  }
  
  
@Manual{dsePackage,
title = {Brief User's Guide: Dynamic Systems Estimation distributed with the dse package},
author = {Gilbert, P. D.},
year = {2006},
url = {http://cran.r-project.org/web/packages/dse/vignettes/dse-guide.pdf},
}

@Article{igraphPackage,
    title = {The igraph software package for complex network research},
    author = {Csardi, G. and Nepusz, T.},
    journal = {InterJournal},
    volume = {Complex Systems},
    pages = {1695},
    year = {2006},
    url = {http://igraph.sf.net},
  }
  
